@article{lustig,
	title = {Sparse {MRI}},
	volume = {},
	issn = {},
	url = {https://people.eecs.berkeley.edu/~mlustig/mlustigThesis.pdf},
	doi = {},
	pages = {},
	journaltitle = {},
	author = {Lustig, Michael},
}

@article{chen,
	title = {Basis Pursuit},
	volume = {},
	issn = {},
	url = {http://www-stat.stanford.edu/~atomizer/},
	doi = {},
	pages = {},
	author = {Chen, S. S.},
	year={1995}
}

@article{tibshirani,
  title={Regression Shrinkage and Selection via the lasso},
  author={Tibshirani, Robert},
  journal={Journal of the Royal Statistical Society. Series B (methodological)},
  volume     = {58},
  number     = {1},
  url = {https://doi.org/10.1111/j.2517-6161.1996.tb02080.x},
  pages={267–88},
  year={1996}
}

@article{natarajan,
  title={Sparse Approximate Solutions to Linear Systems},
  author={Natarajan, B. K.},
  journal={SIAM J. Comput.},
  volume     = {24},
  number     = {2},
  url = {https://doi.org/10.1137/S0097539792240406},
  pages={227–234},
  year={1995}
}

@article{chen_donoho_saunders,
  title={Atomic decomposition by basis pursuit},
  author={Chen, S. and Donoho, D. and Saunders, M.},
  journal={SIAM Review},
  volume     = {43},
  number     = {1},
  url = {https://web.stanford.edu/group/SOL/papers/BasisPursuit-SIGEST.pdf},
  pages={129–159},
  year={2001}
}

@book{mri_picturetoproton,
	title = {MRI: from picture to proton},
	isbn = {9781107643239},
	pagetotal = {171},
	publisher = {Cambridge University Press},
	author = {McRobbie, D. W. and et al.},
}

@book{damelin_miller,
	title = {The Mathematics of Signal Processing},
	isbn = {9781139003896},
	pagetotal = {171},
	publisher = {Cambridge University Press},
	author = {Damelin, Steven B. and  Miller Jr, Willard},
}

@misc{fda_siemens,
  title = {510k premarket notification of {Compressed Sensing Cardiac Cine (Siemens)}, 2017.},
  howpublished = {\url{https://www.accessdata.fda.gov/cdrh_docs/pdf16/K163312.pdf}},
  note = {Accessed: 2020-05-24}
}

@misc{fda_GE,
  title = {510k premarket notification of {HyperSense (GE Medical Systems)}, 2017.},
  howpublished = {\url{https://www.accessdata.fda.gov/scripts/cdrh/cfdocs/cfpmn/pmn.cfm?ID=K162722}},
  note = {Accessed: 2020-05-24}
}
 

@misc{nobelprize_1901,
  title = {The Nobel Prize in Physics 1901},
  howpublished = {\url{https://www.nobelprize.org/prizes/physics/1901/summary/}},
  note = {Accessed: 2020-05-24}
}
 
 